@book{knuth1997,
  author    = {Donald E. Knuth},
  title     = {The Art of Computer Programming},
  publisher = {Addison-Wesley},
  year      = {1997}
}
